@Book{Mermin-Quantum-Computer-Science,
  Title                    = {Quantum Computer Science - An Introduction},
  Editor                   = {N. David Mermin},
  Publisher                = {Cambridge University Press},
  url                      = {www.cambridge.org/9780521876582},
  Year                     = {2007},
}

@Book{Nielson-Chuang-Quantum-Information,
  Title                    = {Quantum Computation and Quantum Information},
  Editor                   = {Michael A. Nielson, Isaac L. Chuang},
  Publisher                = {Cambridge University Press},
  Year                     = {2000},
}

@Book{SuttonBarto,
  author    = {Richard S. Sutton and
               Andrew G. Barto},
  title     = {Reinforcement learning - an introduction},
  series    = {Adaptive computation and machine learning},
  publisher = {{MIT} Press},
  year      = {1998},
  url       = {http://www.worldcat.org/oclc/37293240},
  isbn      = {0262193981},
  timestamp = {Wed, 26 Apr 2017 01:00:00 +0200},
  biburl    = {https://dblp.org/rec/bib/books/lib/SuttonB98},
  bibsource = {dblp computer science bibliography, https://dblp.org}
}

@manual{ShangtongZhang,
      title  = "ShangtongZhang's GitHub Account",
      author = "ShangtongZhang",
      url    = "https://github.com/ShangtongZhang/reinforcement-learning-an-introduction",
      year   = "2019 (accessed February 27, 2019)"
}

@manual{WikiMarkov,
      title  = "Makov decision process on Wikipedia",
      author = "Wikipedia",
      url    = "https://en.wikipedia.org/wiki/Markov_decision_process",
      year   = "2019 (accessed February 28, 2019)"
}
